@Article{Cook:2001,
  author = 	 {Daniel L. Cook and J. F. Farley and S. J. Tapscott},
  title = 	 {A basis for a visual language for describing, archiving and analyzing functional
models of complex biological systems},
  journal = 	 {Genome Biology},
  year = 	 {2001},
  volume =	 {2},
  number =	 {4},
  pages =	 {research0012.1-research0012.10.}
}

@article{Courtot:2011,
  title={Controlled vocabularies and semantics in systems biology},
  author={Courtot, M. and Juty, N. and Kn{\"u}pfer, C. and Waltemath, D. and Zhukova, A. and Dr{\"a}ger, A. and Dumontier, M. and Finney, A. and Golebiewski, M. and Hastings, J. and others},
  journal={Molecular systems biology},
  volume={7},
  number={1},
  year={2011},
  publisher={Nature Publishing Group}
}

@Article{Demir:2002,
  author = 	 {Demir, E. and Babur, O. and Dogrusoz., U and Gursoy, A. and Nisanci, G. and Cetin-Atalay, R. and Ozturk, M.},
  title = 	 {PATIKA: an integrated visual environment for collaborative construction and analysis of cellular pathways},
  journal = 	 {Bioinformatics},
  year = 	 {2002},
  volume =	 {18},
  number =	 {7},
  pages =	 {996-1003}
}

@Article{Demir:2004,
  author = 	 {Demir, E. and Babur, O. and Dogrusoz, U. and Gursoy, A. and Ayaz, A. and Gulesir, G. and Nisanci, G. and Cetin-Atalay, R.},
  title = 	 {An ontology for collaborative construction and analysis of cellular pathways},
  journal = 	 {Bioinformatics},
  year = 	 {2004},
  volume =	 {20},
  number =	 {3},
  pages =	 {349-356}
}

@Book{DiBattista:1998,
  author = {{D}i {B}attista, Giuseppe and Eades, Peter and Tamassia, Roberto and Tollis, Ioannis G.},
  title = {Graph Drawing: Algorithms for the Visualization of Graphs},
  year = {1998},
  publisher = {Prentice Hall},
  address = {New Jersey},
}

@Book{Kaufmann:2001,
   editor = {Kaufmann, Michael and Wagner, Dorothea},
   title = {Drawing Graphs: Methods and Models},
   year = {2001},
   volume = {2025},
   series = {Lecture Notes in Computer Science},
   publisher = {Springer},
}

@article{Hucka:2003,
     AUTHOR = {Hucka, M. and Finney, A. and Sauro, H.~M. and Bolouri, H.
               and Doyle, J.~C. and Kitano, H. and Arkin, A.~P.
               and Bornstein, B.~J. and Bray, D. and Cornish-Bowden, A.
               and Cuellar, A.~A. and Dronov, S. and Gilles, E.~D.
               and Ginkel, M. and Gor, V. and Goryanin, I.~I.
               and Hedley, W.~J. and Hodgman, T.~C. and Hofmeyr, J.-H.
               and Hunter, P.~J. and Juty, N.~S. and Kasberger, J.~L.
               and Kremling, A. and Kummer, U. and Le Nov\`{e}re, N.
               and Loew, L.~M.  and Lucio, D. and Mendes, P. and Minch, E.
               and Mjolsness, E.~D.  and Nakayama, Y. and Nelson, M.~R.
               and Nielsen, P.~F. and Sakurada, T. and Schaff, J.~C.
               and Shapiro, B.~E. and Shimizu, T.~S.  and Spence, H.~D.
               and Stelling, J. and Takahashi, K. and Tomita, M.
               and Wagner, J. and Wang, J.},
      TITLE = {The {S}ystems {B}iology {M}arkup {L}anguage ({SBML}): A Medium
               for Representation and Exchange of Biochemical Network Models},
    JOURNAL = {Bioinformatics},
     VOLUME = {19},
     NUMBER = {4},
      PAGES = {524-531},
       YEAR = 2003
}

@Article{Kitano:2003,
  author = 	 {Hiroaki Kitano},
  title = 	 {A graphical notation for biochemical networks},
  journal = 	 {BioSilico},
  year = 	 {2003},
  volume =	 {1},
  pages =	 {169-176}
}

@Article{Kitano:2005,
  author = 	 {Hiroaki Kitano and Akira Funahashi and Yukiko Matsuoka and Kanae Oda},
  title = 	 {Using process diagrams for the graphical representation of biological networks},
  journal = 	 {Nature Biotechnology},
  year = 	 {2005},
  volume =	 {23},
  number =	 {8},
  pages =	 {961-966}
}

@Article{Kohn:1999,
  author = 	 {Kurt W. Kohn},
  title = 	 {Molecular Interaction Map of the Mammalian Cell Cycle Control and {DNA} Repair Systems},
  journal = 	 {Molecular Biology of the Cell},
  year = 	 {1999},
  volume =	 {10},
  number =	 {8},
  pages =	 {2703-2734}
}

@Article{Kohn:2006,
  author = 	 {Kurt W. Kohn and Mirit I. Aladjem and J. N. Weinstein and Y. Pommier},
  title = 	 {Molecular interaction maps of bioregulatory networks: A general rubric for systems biology},
  journal = 	 {Molecular Biology of the Cell},
  year = 	 {2006},
  volume =	 {17},
  number =       {1},
  pages =	 {1-13}
}

@Article{Junker:2012,
  author = 	 {Astrid Junker and Anatoly Sorokin and Tobias Czauderna and Falk Schreiber and Alexander Mazein},
  title = 	 {Wiring diagrams in biology: towards the standardized representation of biological information},
  journal =  {Trends in Biotechnology},
  year = 	 {2012},
  volume =	 {30},
  number =   {11},
  pages =	 {555--557},
}

@InProceedings{Maimon:2001,
  author = 	 {Ron Maimon and Sam Browning},
  title = 	 {Diagrammatic notation and computational structure of gene networks},
  booktitle =	 {Proceedings of the 2nd International Conference on Systems Biology},
  year =	 {2001},
  editor =	 {Hiroaki Kitano},
  pages =        {311-317},
  address =	 {Madison, WI},
  publisher =	 {Omnipress}
}

@Article{Michal:1998,
  author = {Gerhard Michal},
  title = {On Representation of Metabolic Pathways},
  journal = {BioSystems},
  year = {1998},
  volume = {47},
  pages = {1-7},
}

@Article{Moodie:2006,
  author = 	 {Stuart L. Moodie and Anatoly A. Sorokin and Igor Goryanin and Peter Ghazal},
  title = 	 {A Graphical Notation to Describe the Logical Interactions of Biological Pathways},
  journal = 	 {Journal of Integrative Bioinformatics},
  year = 	 {2006},
  volume =	 {3},
  pages =	 {36}
}

@Article{Moodie:2011,
  author = 	 {Moodie, Stuart and Le Nov\`{e}re, Nicolas and Demir, Emek and Mi, Huaiyu and Vill\'{e}ger, Alice},
  title = 	 {Systems Biology Graphical Notation: Process Description language Level 1},
  journal = 	 {Nature Precedings},
  year = 	 {2011},
  url =	 {http://dx.doi.org/10.1038/npre.2011.3721.4}
}

@Article{Pirson:2000,
  author = 	 {I. Pirson and N. Fortemaison and C. Jacobs and S. Dremier and J. E. Dumont and C. Maenhaut},
  title = 	 {The visual display of regulatory information and networks},
  journal = 	 {Trends in Cell Biology},
  year = 	 {2000},
  volume =	 {10},
  number =	 {10},
  pages =	 {404-408}
}

@article{Chen:1976,
    author = "Peter Pin-Shan S. Chen",
    title = "The Entity-Relationship Model: Toward a Unified View of Data",
    journal = "ACM Transactions on Database Systems",
    volume = "1",
    number = "1",
    pages = "9-36",
    year = "1976",
    url = "citeseer.ist.psu.edu/519283.html" 
}

%% This BibTeX bibliography file in UTF-8 format was created using Papers.
%% http://mekentosj.com/papers/

@article{LeNovere:2009p1,
author = {Nicolas Le Nov\`{e}re and Michael Hucka and Huaiyu Mi and Stuart Moodie and Falk Schreiber and Anatoly Sorokin and Emek Demir and Katja Wegner and Mirit Aladjem and Sarala Wimalaratne and Frank Bergman and Ralph Gauges and Peter Ghazal and Hideya Kawaji and Lu Li and Yukiko Matsuoka and Alice Vill\'{e}ger and Sarah Boyd and Laurence Calzone and Melanie Courtot and Ugur Dogrus{\"o}z and Tom Freeman and Akira Funahashi and Samik Ghosh and Akiya Jouraku and Sohyoung Kim and Fedor Kolpakov and Augustin Luna and Sven Sahle and Esther Schmidt and Steven Watterson and Guanming Wu and Igor Goryanin and Douglas Kell and Chris Sander and Herbert Sauro and Jacky Snoep and Kurt Kohn and Hiroaki Kitano}, 
journal = {Nature Biotechnology},
title = {The {S}ystems {B}iology {G}raphical {N}otation},
number = {8},
pages = {735--741},
volume = {27},
year = {2009},
}

@misc{sbmll3core,
title = {{The Systems Biology Markup Language (SBML): Language Specification for Level 3 Version 1 Core}},
author = {Michael Hucka and Frank T. Bergmann and Stefan Hoops and Sarah M. Keating and Sven Sahle and James C. Schaff and Lucian P. Smith and Darren J. Wilkinson},
year = 2007,
month = {November},
howpublished = {Available via the World Wide Web at \url{http://sbml.org/Documents/Specifications}},
}

@misc{umlspec,
title = {{OMG Unified Modeling Language (OMG UML), Superstructure, V2.1.2}},
author = {Object Management Group},
year = 2010,
howpublished = {Available via the World Wide Web at \url{http://www.omg.org/spec/UML/2.1.2/Superstructure/PDF/}},
}
