@Article{Cook:2001,
  author = 	 {Daniel L. Cook and J. F. Farley and S. J. Tapscott},
  title = 	 {A basis for a visual language for describing, archiving and analyzing functional
models of complex biological systems.},
  journal = 	 {Genome Biology},
  year = 	 {2001},
  volume =	 {2},
  number =	 {4},
  pages =	 {research0012.1-research0012.10.}
}

@article{Hucka:2003,
     AUTHOR = {Hucka, M. and Finney, A. and Sauro, H.~M. and Bolouri, H.
               and Doyle, J.~C. and Kitano, H. and Arkin, A.~P.
               and Bornstein, B.~J. and Bray, D. and Cornish-Bowden, A.
               and Cuellar, A.~A. and Dronov, S. and Gilles, E.~D.
               and Ginkel, M. and Gor, V. and Goryanin, I.~I.
               and Hedley, W.~J. and Hodgman, T.~C. and Hofmeyr, J.-H.
               and Hunter, P.~J. and Juty, N.~S. and Kasberger, J.~L.
               and Kremling, A. and Kummer, U. and Le Nov\`{e}re, N.
               and Loew, L.~M.  and Lucio, D. and Mendes, P. and Minch, E.
               and Mjolsness, E.~D.  and Nakayama, Y. and Nelson, M.~R.
               and Nielsen, P.~F. and Sakurada, T. and Schaff, J.~C.
               and Shapiro, B.~E. and Shimizu, T.~S.  and Spence, H.~D.
               and Stelling, J. and Takahashi, K. and Tomita, M.
               and Wagner, J. and Wang, J.},
      TITLE = {The {S}ystems {B}iology {M}arkup {L}anguage ({SBML}): A Medium
               for Representation and Exchange of Biochemical Network Models},
    JOURNAL = {Bioinformatics},
     VOLUME = {19},
     NUMBER = {4},
      PAGES = {524-531},
       YEAR = 2003
}

@Article{Kitano:2003,
  author = 	 {Hiroaki Kitano},
  title = 	 {A graphical notation for biochemical networks},
  journal = 	 {BioSilico},
  year = 	 {2003},
  volume =	 {1},
  pages =	 {169-176}
}

@Article{Kitano:2005,
  author = 	 {Hiroaki Kitano and Akira Funahashi and Yukiko Matsuoka and Kanae Oda},
  title = 	 {Using process diagrams for the graphical representation of biological networks},
  journal = 	 {Nature Biotechnology},
  year = 	 {2005},
  volume =	 {23},
  number =	 {8},
  pages =	 {961--966}
}

@Article{Kohn:1999,
  author = 	 {Kurt W. Kohn},
  title = 	 {Molecular Interaction Map of the Mammalian Cell Cycle Control and DNA Repair Systems},
  journal = 	 {Molecular Biology of the Cell},
  year = 	 {1999},
  volume =	 {10},
  number =	 {8},
  pages =	 {2703--2734}
}

@Article{Kohn:2006,
  author = 	 {Kurt W. Kohn and Mirit I. Aladjem and J. N. Weinstein and Y. Pommier},
  title = 	 {Molecular interaction maps of bioregulatory networks: A general rubric for systems biology},
  journal = 	 {Molecular Biology of the Cell},
  year = 	 {2006},
  volume =	 {17},
  number =       {1},
  pages =	 {1--13}
}

@InProceedings{Maimon:2001,
  author = 	 {Ron Maimon and Sam Browning},
  title = 	 {Diagrammatic notation and computational structure of gene networks},
  booktitle =	 {Proceedings of the 2nd International Conference on Systems Biology},
  year =	 {2001},
  editor =	 {Hiroaki Kitano},
  pages =        {311--317},
  address =	 {Madison, WI},
  publisher =	 {Omnipress}
}

@Article{Moodie:2006,
  author = 	 {Stuart L. Moodie and Anatoly A. Sorokin and Igor Goryanin and Peter Ghazal},
  title = 	 {A Graphical Notation to Describe the Logical Interactions of Biological Pathways},
  journal = 	 {Journal of Integrative Bioinformatics},
  year = 	 {2006},
  volume =	 {3},
  pages =	 {36}
}

@Article{Pirson:2000,
  author = 	 {I. Pirson and N. Fortemaison and C. Jacobs and S. Dremier and J. E. Dumont and C. Maenhaut},
  title = 	 {The visual display of regulatory information and networks},
  journal = 	 {Trends in Cell Biology},
  year = 	 {2000},
  volume =	 {10},
  number =	 {10},
  pages =	 {404--408}
}

